@inproceedings{langley00,
 author    = {P. Langley},
 title     = {Crafting Papers on Machine Learning},
 year      = {2000},
 pages     = {1207--1216},
 editor    = {Pat Langley},
 booktitle     = {Proceedings of the 17th International Conference
              on Machine Learning (ICML 2000)},
 address   = {Stanford, CA},
 publisher = {Morgan Kaufmann}
}

@TechReport{mitchell80,
  author =   "T. M. Mitchell",
  title =    "The Need for Biases in Learning Generalizations",
  institution =  "Computer Science Department, Rutgers University",
  year =   "1980",
  address =  "New Brunswick, MA",
}

@phdthesis{kearns89,
  author = {M. J. Kearns},
  title =  {Computational Complexity of Machine Learning},
  school = {Department of Computer Science, Harvard University},
  year =   {1989}
}

@Book{MachineLearningI,
  editor =   "R. S. Michalski and J. G. Carbonell and T.
      M. Mitchell",
  title =    "Machine Learning: An Artificial Intelligence
      Approach, Vol. I",
  publisher =    "Tioga",
  year =   "1983",
  address =  "Palo Alto, CA"
}

@Book{DudaHart2nd,
  author =       "R. O. Duda and P. E. Hart and D. G. Stork",
  title =        "Pattern Classification",
  publisher =    "John Wiley and Sons",
  edition =      "2nd",
  year =         "2000"
}

@misc{anonymous,
  title= {Suppressed for Anonymity},
  author= {Author, N. N.},
  year= {2019}
}

@InCollection{Newell81,
  author =       "A. Newell and P. S. Rosenbloom",
  title =        "Mechanisms of Skill Acquisition and the Law of
                  Practice", 
  booktitle =    "Cognitive Skills and Their Acquisition",
  pages =        "1--51",
  publisher =    "Lawrence Erlbaum Associates, Inc.",
  year =         "1981",
  editor =       "J. R. Anderson",
  chapter =      "1",
  address =      "Hillsdale, NJ"
}


@Article{Samuel59,
  author =   "A. L. Samuel",
  title =    "Some Studies in Machine Learning Using the Game of
      Checkers",
  journal =  "IBM Journal of Research and Development",
  year =   "1959",
  volume =   "3",
  number =   "3",
  pages =  "211--229"
}

@article{osband2019bsuite,
  title={Core {RL} Behaviour Suite},
  author={Osband, Ian and Doron, Yotam and Hessel, Matteo and Aslanides, John and Van Hasselt, Hado and Sezener, Eren and Saraiva, Andre and Lattimore, Tor and Szepezvari, Csaba and Singh, Satinder and Van Roy, Benjamin and Sutton, Richard and Silver, David and},
  year={2019},
}

@inproceedings{osband2016deep,
    Author = {Osband, Ian and Blundell, Charles and Pritzel, Alexander and Van Roy, Benjamin},
    Booktitle = {Advances In Neural Information Processing Systems 29},
    Pages = {4026--4034},
    Title = {Deep exploration via bootstrapped {DQN}},
    Year = {2016}}

@incollection{osband2018rpf,
    title = {Randomized Prior Functions for Deep Reinforcement Learning},
    author = {Osband, Ian and Aslanides, John and Cassirer, Albin},
    booktitle = {Advances in Neural Information Processing Systems 31},
    editor = {S. Bengio and H. Wallach and H. Larochelle and K. Grauman and N. Cesa-Bianchi and R. Garnett},
    pages = {8617--8629},
    year = {2018},
    publisher = {Curran Associates, Inc.},
    url = {http://papers.nips.cc/paper/8080-randomized-prior-functions-for-deep-reinforcement-learning.pdf}
}

@article{mnih2015human,
    Author = {Mnih, Volodymyr and Kavukcuoglu, Koray and Silver, David and Rusu, Andrei A and Veness, Joel and Bellemare, Marc G and Graves, Alex and Riedmiller, Martin and Fidjeland, Andreas K and Ostrovski, Georg and others},
    Date-Added = {2018-05-18 14:55:54 +0000},
    Date-Modified = {2018-05-18 14:55:54 +0000},
    Journal = {Nature},
    Number = {7540},
    Pages = {529--533},
    Publisher = {Nature Research},
    Title = {Human-level control through deep reinforcement learning},
    Volume = {518},
    Year = {2015}}

@inproceedings{mnih2016asynchronous,
    Author = {Mnih, Volodymyr and Badia, Adria Puigdomenech and Mirza, Mehdi and Graves, Alex and Lillicrap, Timothy and Harley, Tim and Silver, David and Kavukcuoglu, Koray},
    Booktitle = {Proc. of ICML},
    Date-Added = {2018-05-18 14:55:54 +0000},
    Date-Modified = {2018-05-18 14:55:54 +0000},
    Title = {Asynchronous methods for deep reinforcement learning},
    Year = {2016}}


