%% References for bsuite report

@article{osband2019bsuite,
  title={Core {RL} Behaviour Suite},
  author={Osband, Ian and Doron, Yotam and Hessel, Matteo and Aslanides, John and Van Hasselt, Hado and Sezener, Eren and Saraiva, Andre and Lattimore, Tor and Szepezvari, Csaba and Singh, Satinder and Van Roy, Benjamin and Sutton, Richard and Silver, David and},
  year={2019},
}

@inproceedings{osband2016deep,
    Author = {Osband, Ian and Blundell, Charles and Pritzel, Alexander and Van Roy, Benjamin},
    Booktitle = {Advances In Neural Information Processing Systems 29},
    Pages = {4026--4034},
    Title = {Deep exploration via bootstrapped {DQN}},
    Year = {2016}}

@incollection{osband2018rpf,
    title = {Randomized Prior Functions for Deep Reinforcement Learning},
    author = {Osband, Ian and Aslanides, John and Cassirer, Albin},
    booktitle = {Advances in Neural Information Processing Systems 31},
    editor = {S. Bengio and H. Wallach and H. Larochelle and K. Grauman and N. Cesa-Bianchi and R. Garnett},
    pages = {8617--8629},
    year = {2018},
    publisher = {Curran Associates, Inc.},
    url = {http://papers.nips.cc/paper/8080-randomized-prior-functions-for-deep-reinforcement-learning.pdf}
}

@article{mnih2015human,
    Author = {Mnih, Volodymyr and Kavukcuoglu, Koray and Silver, David and Rusu, Andrei A and Veness, Joel and Bellemare, Marc G and Graves, Alex and Riedmiller, Martin and Fidjeland, Andreas K and Ostrovski, Georg and others},
    Date-Added = {2018-05-18 14:55:54 +0000},
    Date-Modified = {2018-05-18 14:55:54 +0000},
    Journal = {Nature},
    Number = {7540},
    Pages = {529--533},
    Publisher = {Nature Research},
    Title = {Human-level control through deep reinforcement learning},
    Volume = {518},
    Year = {2015}}

@inproceedings{mnih2016asynchronous,
    Author = {Mnih, Volodymyr and Badia, Adria Puigdomenech and Mirza, Mehdi and Graves, Alex and Lillicrap, Timothy and Harley, Tim and Silver, David and Kavukcuoglu, Koray},
    Booktitle = {Proc. of ICML},
    Date-Added = {2018-05-18 14:55:54 +0000},
    Date-Modified = {2018-05-18 14:55:54 +0000},
    Title = {Asynchronous methods for deep reinforcement learning},
    Year = {2016}}
